@incollection{MaWa13,
year={2013},
isbn={978-3-642-37035-9},
booktitle={Programming Languages and Systems},
volume={7792},
series={Lecture Notes in Computer Science},
editor={Felleisen, Matthias and Gardner, Philippa},
doi={10.1007/978-3-642-37036-6_6},
title={FliPpr: A Prettier Invertible Printing System},
url={http://dx.doi.org/10.1007/978-3-642-37036-6_6},
publisher={Springer Berlin Heidelberg},
author={Matsuda, Kazutaka and Wang, Meng},
pages={101-120},
language={English}
}


@incollection{Medeiros2015,
year={2015},
booktitle={ECOOP},
title={The Love/Hate Relationship with the {C} Preprocessor: An Interview Study},
author={Fl\'{a}vio Medeiros and
 Christian K\"{a}stner
and M\'{a}rcio Ribeiro
and Sarah Nadi
and and Rohit Gheyi},
pages={to appear}
}

@inproceedings{HaLEMHT07,
  author    = {Yasushi Hayashi and
               Dongxi Liu and
               Kento Emoto and
               Kazutaka Matsuda and
               Zhenjiang Hu and
               Masato Takeichi},
  title     = {A Web Service Architecture for Bidirectional {XML} Updating},
  booktitle = {Advances in Data and Web Management, Joint 9th Asia-Pacific Web Conference,
               APWeb 2007, and 8th International Conference, on Web-Age Information
               Management, {WAIM} 2007, Huang Shan, China, June 16-18, 2007, Proceedings},
  year      = {2007},
  pages     = {721--732},
  crossref  = {DBLP:conf/waim/2007},
  url       = {http://dx.doi.org/10.1007/978-3-540-72524-4_74},
  doi       = {10.1007/978-3-540-72524-4_74},
  timestamp = {Fri, 17 Oct 2014 12:25:37 +0200},
  biburl    = {http://dblp.uni-trier.de/rec/bib/conf/waim/HayashiLEMHT07},
  bibsource = {dblp computer science bibliography, http://dblp.org}
}

@proceedings{DBLP:conf/waim/2007,
  editor    = {Guozhu Dong and
               Xuemin Lin and
               Wei Wang and
               Yun Yang and
               Jeffrey Xu Yu},
  title     = {Advances in Data and Web Management, Joint 9th Asia-Pacific Web Conference,
               APWeb 2007, and 8th International Conference, on Web-Age Information
               Management, {WAIM} 2007, Huang Shan, China, June 16-18, 2007, Proceedings},
  series    = {Lecture Notes in Computer Science},
  year      = {2007},
  volume    = {4505},
  publisher = {Springer},
  isbn      = {978-3-540-72483-4},
  timestamp = {Fri, 17 Oct 2014 12:25:37 +0200},
  biburl    = {http://dblp.uni-trier.de/rec/bib/conf/waim/2007},
  bibsource = {dblp computer science bibliography, http://dblp.org}
}


@Article{MaWa14,
  author =       {Kazutaka Matsuda and Meng Wang},
  title =        {``{B}idirectionalization for Free'' for Monomorphic Transformations},
  journal =      {Science of Computer Programming},
  year =         2014,
  doi = "http://dx.doi.org/10.1016/j.scico.2014.07.008",
  url = "http://www.sciencedirect.com/science/article/pii/S0167642314003323",
  note = {DOI: \texttt{10.1016/j.scico.2014.07.008}}
}

@Book{MacLane,
  author =    {Mac Lane, Saunders},
  title =        {Categories for the Working Mathematician},
  publisher =    {Springer},
  year =         1998,
  volume =    5,
  series =    {Graduate Texts in Matheematics},
  edition =   {Second Edition}}

@inproceedings{Chlipala08,
  author    = {Adam Chlipala},
  title     = {Parametric higher-order abstract syntax for mechanized semantics},
  booktitle = {Proceeding of the 13th {ACM} {SIGPLAN} international conference on
               Functional programming, {ICFP} 2008, Victoria, BC, Canada, September
               20-28, 2008},
  year      = {2008},
  pages     = {143--156},
  crossref  = {DBLP:conf/icfp/2008},
  url       = {http://doi.acm.org/10.1145/1411204.1411226},
  doi       = {10.1145/1411204.1411226},
  timestamp = {Tue, 07 Oct 2014 14:36:47 +0200},
  biburl    = {http://dblp.uni-trier.de/rec/bib/conf/icfp/Chlipala08},
  bibsource = {dblp computer science bibliography, http://dblp.org}
}



@inproceedings{PaHF14,
  author    = {Hugo Pacheco and
               Zhenjiang Hu and
               Sebastian Fischer},
  title     = {Monadic combinators for "Putback" style bidirectional programming},
  booktitle = {Proceedings of the {ACM} {SIGPLAN} 2014 workshop on Partial evaluation
               and program manipulation, {PEPM} 2014, January 20-21, 2014, San Diego,
               California, {USA}},
  year      = {2014},
  pages     = {39--50},
  crossref  = {DBLP:conf/pepm/2014},
  url       = {http://doi.acm.org/10.1145/2543728.2543737},
  doi       = {10.1145/2543728.2543737},
  timestamp = {Mon, 29 Sep 2014 13:48:29 +0200},
  biburl    = {http://dblp.uni-trier.de/rec/bib/conf/pepm/PachecoHF14},
  bibsource = {dblp computer science bibliography, http://dblp.org}
}



@inproceedings{HoPW11, 
  author    = {Martin Hofmann and
               Benjamin C. Pierce and
               Daniel Wagner},
  title     = {Symmetric lenses},
  booktitle = {Proceedings of the 38th {ACM} {SIGPLAN-SIGACT} Symposium on Principles
               of Programming Languages, {POPL} 2011, Austin, TX, USA, January 26-28,
               2011},
  year      = {2011},
  pages     = {371--384},
  crossref  = {DBLP:conf/popl/2011},
  url       = {http://doi.acm.org/10.1145/1926385.1926428},
  doi       = {10.1145/1926385.1926428},
  timestamp = {Tue, 07 Oct 2014 13:32:35 +0200},
  biburl    = {http://dblp.uni-trier.de/rec/bib/conf/popl/HofmannPW11},
  bibsource = {dblp computer science bibliography, http://dblp.org}
}

@proceedings{DBLP:conf/popl/2011,
  editor    = {Thomas Ball and
               Mooly Sagiv},
  title     = {Proceedings of the 38th {ACM} {SIGPLAN-SIGACT} Symposium on Principles
               of Programming Languages, {POPL} 2011, Austin, TX, USA, January 26-28,
               2011},
  year      = {2011},
  publisher = {{ACM}},
  url       = {http://dl.acm.org/citation.cfm?id=1926385},
  isbn      = {978-1-4503-0490-0},
  timestamp = {Tue, 07 Oct 2014 13:32:35 +0200},
  biburl    = {http://dblp.uni-trier.de/rec/bib/conf/popl/2011},
  bibsource = {dblp computer science bibliography, http://dblp.org}
}




@Misc{MirroredLenses,
  author =    {Edward Kmett},
  title =     {Mirrored Lenses},
  month =     {Jun},
  year =      2012,
  note =      {blog post: \url{http://comonad.com/reader/2012/mirrored-lenses/}}}

@Misc{Milewski13,
  author =    {Bartosz Milewski},
  title =     {Lenses, Stores, and Yoneda},
  month = 10, 
  year  = 2013, 
  note =      {blog post: \url{http://bartoszmilewski.com/2013/10/08/lenses-stores-and-yoneda/}}}

@misc{vanLaarhoven, 
  author = {Twan van Laarhoven}, 
  title  = {CPS based functional references}, 
  month  = 7, 
  year   = 2009, 
  note   = {blog post: \url{http://www.twanvl.nl/blog/haskell/cps-functional-references}}
}

@article{JaOC14,
  author    = {Mauro Jaskelioff and
               Russell O'Connor},
  title     = {A Representation Theorem for Second-Order Functionals},
  journal   = {CoRR},
  year      = {2014},
  volume    = {abs/1402.1699},
  url       = {http://arxiv.org/abs/1402.1699},
  timestamp = {Mon, 29 Sep 2014 07:54:19 +0200},
  biburl    = {http://dblp.uni-trier.de/rec/bib/journals/corr/JaskelioffO14},
  bibsource = {dblp computer science bibliography, http://dblp.org}
}

@article{OConnor11, 
  author    = {Russell O'Connor},
  title     = {Functor is to Lens as Applicative is to Biplate: Introducing Multiplate},
  journal   = {CoRR},
  year      = {2011},
  volume    = {abs/1103.2841},
  url       = {http://arxiv.org/abs/1103.2841},
  timestamp = {Mon, 29 Sep 2014 07:18:08 +0200},
  biburl    = {http://dblp.uni-trier.de/rec/bib/journals/corr/abs-1103-2841},
  bibsource = {dblp computer science bibliography, http://dblp.org},
  note = {Accepted in WGP'11, but not included in its proceedings.}
}
@Article{Kelly05,
  author =       {G.M. Kelly},
  title =        {Basic Concepts of Enriched Category Theory},
  journal =      {Reprints in Theory and Applications of Categories},
  year =         2005,
  volume =    10,
  pages =     {1--136},
  note =      {Available from: \url{http://www.tac.mta.ca/tac/reprints/articles/10/tr10abs.html}}}

@Misc{Yonedalens,
  author = {Tom Ellis},
  title = {Category and lenses}, 
  year  = 2012, 
  month = 9, 
  note = {Blog post: \url{http://web.jaguarpaw.co.uk/~tom/blog/posts/2012-09-30-category-and-lenses.html}}
}

@article{Hudak96,
 author = {Hudak, Paul},
 title = {Building Domain-specific Embedded Languages},
 journal = {ACM Comput. Surv.},
 issue_date = {Dec. 1996},
 volume = {28},
 number = {4es},
 month = dec,
 year = {1996},
 issn = {0360-0300},
 articleno = {196},
 url = {http://doi.acm.org/10.1145/242224.242477},
 doi = {10.1145/242224.242477},
 acmid = {242477},
 publisher = {ACM},
 address = {New York, NY, USA},
} 

@inproceedings{XiLHZTM07, 
  author    = {Yingfei Xiong and
               Dongxi Liu and
               Zhenjiang Hu and
               Haiyan Zhao and
               Masato Takeichi and
               Hong Mei},
  title     = {Towards automatic model synchronization from model transformations},
  booktitle = {ASE},
  year      = {2007},
  pages     = {164-173},
  ee        = {http://doi.acm.org/10.1145/1321631.1321657},
  crossref  = {DBLP:conf/kbse/2007},
  bibsource = {DBLP, http://dblp.uni-trier.de}
}

@proceedings{DBLP:conf/kbse/2007,
  editor    = {R. E. Kurt Stirewalt and
               Alexander Egyed and
               Bernd Fischer},
  title     = {22nd IEEE/ACM International Conference on Automated Software
               Engineering (ASE 2007), November 5-9, 2007, Atlanta, Georgia,
               USA},
  booktitle = {ASE},
  publisher = {ACM},
  year      = {2007},
  isbn      = {978-1-59593-882-4},
  bibsource = {DBLP, http://dblp.uni-trier.de}
}


@inproceedings{YuLHHKM12, 
  author    = {Yijun Yu and
               Yu Lin and
               Zhenjiang Hu and
               Soichiro Hidaka and
               Hiroyuki Kato and
               Lionel Montrieux},
  title     = {Maintaining invariant traceability through bidirectional
               transformations},
  booktitle = {ICSE},
  year      = {2012},
  pages     = {540-550},
  ee        = {http://dx.doi.org/10.1109/ICSE.2012.6227162},
  crossref  = {DBLP:conf/icse/2012},
  bibsource = {DBLP, http://dblp.uni-trier.de}
}

@proceedings{DBLP:conf/icse/2012,
  editor    = {Martin Glinz and
               Gail C. Murphy and
               Mauro Pezz{\`e}},
  title     = {34th International Conference on Software Engineering, ICSE
               2012, June 2-9, 2012, Zurich, Switzerland},
  booktitle = {ICSE},
  publisher = {IEEE},
  year      = {2012},
  isbn      = {978-1-4673-1067-3},
  ee        = {http://ieeexplore.ieee.org/xpl/mostRecentIssue.jsp?punumber=6218989},
  bibsource = {DBLP, http://dblp.uni-trier.de}
}

@inproceedings{BernardyJC10, 
  author    = {Jean-Philippe Bernardy and
               Patrik Jansson and
               Koen Claessen},
  title     = {Testing Polymorphic Properties},
  booktitle = {ESOP},
  year      = {2010},
  pages     = {125-144},
  ee        = {http://dx.doi.org/10.1007/978-3-642-11957-6_8},
  crossref  = {DBLP:conf/esop/2010},
  bibsource = {DBLP, http://dblp.uni-trier.de}
}

@inproceedings{WaNa14, 
  author    = {Meng Wang and
               Shayan Najd},
  title     = {Semantic bidirectionalization revisited},
  booktitle = {PEPM},
  year      = {2014},
  pages     = {51-62},
  ee        = {http://doi.acm.org/10.1145/2543728.2543729},
  crossref  = {DBLP:conf/pepm/2014},
  bibsource = {DBLP, http://dblp.uni-trier.de}
}

@proceedings{DBLP:conf/pepm/2014,
  editor    = {Wei-Ngan Chin and
               Jurriaan Hage},
  title     = {Proceedings of the ACM SIGPLAN 2014 workshop on Partial
               evaluation and program manipulation, PEPM 2014, January
               20-21, 2014, San Diego, California, USA},
  booktitle = {PEPM},
  publisher = {ACM},
  year      = {2014},
  isbn      = {978-1-4503-2619-3},
  ee        = {http://dl.acm.org/citation.cfm?id=2543728},
  bibsource = {DBLP, http://dblp.uni-trier.de}
}

@article{VoHMW13,
  author    = {Janis Voigtl{\"a}nder and
               Zhenjiang Hu and
               Kazutaka Matsuda and
               Meng Wang},
  title     = {Enhancing semantic bidirectionalization via shape bidirectionalizer
               plug-ins},
  journal   = {J. Funct. Program.},
  volume    = {23},
  number    = {5},
  year      = {2013},
  pages     = {515-551},
  ee        = {http://dx.doi.org/10.1017/S0956796813000130},
  bibsource = {DBLP, http://dblp.uni-trier.de}
}

@article{WaGMH13,
  author    = {Meng Wang and
               Jeremy Gibbons and
               Kazutaka Matsuda and
               Zhenjiang Hu},
  title     = {Refactoring pattern matching},
  journal   = {Sci. Comput. Program.},
  volume    = {78},
  number    = {11},
  year      = {2013},
  pages     = {2216-2242},
  ee        = {http://dx.doi.org/10.1016/j.scico.2012.07.014},
  bibsource = {DBLP, http://dblp.uni-trier.de}
}

@inproceedings{MaWa13ppdp,
  author    = {Kazutaka Matsuda and
               Meng Wang},
  title     = {Bidirectionalization for free with runtime recording: or,
               a light-weight approach to the view-update problem},
  booktitle = {PPDP},
  year      = {2013},
  pages     = {297-308},
  ee        = {http://doi.acm.org/10.1145/2505879.2505888},
  crossref  = {DBLP:conf/ppdp/2013},
  bibsource = {DBLP, http://dblp.uni-trier.de}
}

@article{BuFS00,
  author    = {Peter Buneman and
               Mary F. Fernandez and
               Dan Suciu},
  title     = {{UnQL}: A Query Language and Algebra for Semistructured Data
               Based on Structural Recursion},
  journal   = {VLDB J.},
  volume    = {9},
  number    = {1},
  year      = {2000},
  pages     = {76-110},
  ee        = {http://dx.doi.org/10.1007/s007780050084},
  bibsource = {DBLP, http://dblp.uni-trier.de}
}

@inproceedings{GraphLog,
  author    = {Mariano P. Consens and
               Alberto O. Mendelzon},
  title     = {{GraphLog}: a Visual Formalism for Real Life Recursion},
  booktitle = {PODS},
  year      = {1990},
  pages     = {404-416},
  ee        = {http://doi.acm.org/10.1145/298514.298591},
  crossref  = {DBLP:conf/pods/90},
  bibsource = {DBLP, http://dblp.uni-trier.de}
}
@proceedings{DBLP:conf/pods/90,
  editor    = {Daniel J. Rosenkrantz and
               Yehoshua Sagiv},
  title     = {Proceedings of the Ninth ACM SIGACT-SIGMOD-SIGART Symposium
               on Principles of Database Systems, April 2-4, 1990, Nashville,
               Tennessee, USA},
  publisher = {ACM Press},
  year      = {1990},
  isbn      = {0-89791-352-3},
  ee        = {http://dl.acm.org/citation.cfm?id=298514},
  bibsource = {DBLP, http://dblp.uni-trier.de}
}

@article{Lorel, 
  author    = {Serge Abiteboul and
               Dallan Quass and
               Jason McHugh and
               Jennifer Widom and
               Janet L. Wiener},
  title     = {The {Lorel} Query Language for Semistructured Data},
  journal   = {Int. J. on Digital Libraries},
  volume    = {1},
  number    = {1},
  year      = {1997},
  pages     = {68-88},
  ee        = {http://dx.doi.org/10.1007/s007990050005},
  bibsource = {DBLP, http://dblp.uni-trier.de}
}

@inproceedings{BrOl12,
  author    = {Bruno C. d. S. Oliveira and
               William R. Cook},
  title     = {Functional programming with structured graphs},
  booktitle = {ICFP},
  year      = {2012},
  pages     = {77-88},
  ee        = {http://doi.acm.org/10.1145/2364527.2364541},
  crossref  = {DBLP:conf/icfp/2012},
  bibsource = {DBLP, http://dblp.uni-trier.de}
}
@proceedings{DBLP:conf/icfp/2012,
  editor    = {Peter Thiemann and
               Robby Bruce Findler},
  title     = {ACM SIGPLAN International Conference on Functional Programming,
               ICFP'12, Copenhagen, Denmark, September 9-15, 2012},
  booktitle = {ICFP},
  publisher = {ACM},
  year      = {2012},
  isbn      = {978-1-4503-1054-3},
  ee        = {http://dl.acm.org/citation.cfm?id=2364527},
  bibsource = {DBLP, http://dblp.uni-trier.de}
}
@inproceedings{HiAHKN13,
  author    = {Soichiro Hidaka and
               Kazuyuki Asada and
               Zhenjiang Hu and
               Hiroyuki Kato and
               Keisuke Nakano},
  title     = {Structural recursion for querying ordered graphs},
  booktitle = {ICFP},
  year      = {2013},
  pages     = {305-318},
  ee        = {http://doi.acm.org/10.1145/2500365.2500608},
  crossref  = {DBLP:conf/icfp/2013},
  bibsource = {DBLP, http://dblp.uni-trier.de}
}
@proceedings{DBLP:conf/icfp/2013,
  editor    = {Greg Morrisett and
               Tarmo Uustalu},
  title     = {ACM SIGPLAN International Conference on Functional Programming,
               ICFP'13, Boston, MA, USA - September 25 - 27, 2013},
  booktitle = {ICFP},
  publisher = {ACM},
  year      = {2013},
  isbn      = {978-1-4503-2326-0},
  ee        = {http://dl.acm.org/citation.cfm?id=2500365},
  bibsource = {DBLP, http://dblp.uni-trier.de}
}


@inproceedings{AsHKHN13,
  author    = {Kazuyuki Asada and
               Soichiro Hidaka and
               Hiroyuki Kato and
               Zhenjiang Hu and
               Keisuke Nakano},
  title     = {A parameterized graph transformation calculus for finite
               graphs with monadic branches},
  booktitle = {PPDP},
  year      = {2013},
  pages     = {73-84},
  ee        = {http://doi.acm.org/10.1145/2505879.2505903},
  crossref  = {DBLP:conf/ppdp/2013},
  bibsource = {DBLP, http://dblp.uni-trier.de}
}
@proceedings{DBLP:conf/ppdp/2013,
  editor    = {Ricardo Pe{\~n}a and
               Tom Schrijvers},
  title     = {15th International Symposium on Principles and Practice
               of Declarative Programming, PPDP '13, Madrid, Spain, September
               16-18, 2013},
  booktitle = {PPDP},
  publisher = {ACM},
  year      = {2013},
  isbn      = {978-1-4503-2154-9},
  ee        = {http://dl.acm.org/citation.cfm?id=2505879},
  bibsource = {DBLP, http://dblp.uni-trier.de}
}


@article{Johnsson98,
  author    = {Thomas Johnsson},
  title     = {Efficient Graph Algorithms Using Lazy Monolithic Arrays},
  journal   = {J. Funct. Program.},
  volume    = {8},
  number    = {4},
  year      = {1998},
  pages     = {323-333},
  ee        = {http://journals.cambridge.org/action/displayAbstract?aid=44177},
  bibsource = {DBLP, http://dblp.uni-trier.de}
}


@inproceedings{Erwig92,
  author    = {Martin Erwig},
  title     = {Graph Algorithms = Iteration + Data Structures? The Structure
               of Graph Algorithms and a Corresponding Style of Programming},
  booktitle = {WG},
  year      = {1992},
  pages     = {277-292},
  ee        = {http://dx.doi.org/10.1007/3-540-56402-0_54},
  crossref  = {DBLP:conf/wg/1992},
  bibsource = {DBLP, http://dblp.uni-trier.de}
}
@proceedings{DBLP:conf/wg/1992,
  editor    = {Ernst W. Mayr},
  title     = {Graph-Theoretic Concepts in Computer Science, 18th International
               Workshop, WG '92, Wiesbaden-Naurod, Germany, June 19-20,
               1992, Proceedings},
  booktitle = {WG},
  publisher = {Springer},
  series    = {Lecture Notes in Computer Science},
  volume    = {657},
  year      = {1993},
  isbn      = {3-540-56402-0},
  bibsource = {DBLP, http://dblp.uni-trier.de}
}

@article{Erwig01,
  author    = {Martin Erwig},
  title     = {Inductive graphs and functional graph algorithms},
  journal   = {J. Funct. Program.},
  volume    = {11},
  number    = {5},
  year      = {2001},
  pages     = {467-492},
  ee        = {http://dx.doi.org/10.1017/S0956796801004075},
  bibsource = {DBLP, http://dblp.uni-trier.de}
}


@inproceedings{KiLa95,
  author    = {David J. King and
               John Launchbury},
  title     = {Structuring Depth-First Search Algorithms in Haskell},
  booktitle = {POPL},
  year      = {1995},
  pages     = {344-354},
  ee        = {http://doi.acm.org/10.1145/199448.199530},
  crossref  = {DBLP:conf/popl/1995},
  bibsource = {DBLP, http://dblp.uni-trier.de}
}
@proceedings{DBLP:conf/popl/1995,
  editor    = {Ron K. Cytron and
               Peter Lee},
  title     = {Conference Record of POPL'95: 22nd ACM SIGPLAN-SIGACT Symposium
               on Principles of Programming Languages, San Francisco, California,
               USA, January 23-25, 1995},
  booktitle = {POPL},
  publisher = {ACM Press},
  year      = {1995},
  isbn      = {0-89791-692-1},
  ee        = {http://dl.acm.org/citation.cfm?id=199448},
  bibsource = {DBLP, http://dblp.uni-trier.de}
}


@inproceedings{InHHKN11,
  author    = {Kazuhiro Inaba and
               Soichiro Hidaka and
               Zhenjiang Hu and
               Hiroyuki Kato and
               Keisuke Nakano},
  title     = {Graph-transformation verification using monadic second-order
               logic},
  booktitle = {PPDP},
  year      = {2011},
  pages     = {17-28},
  ee        = {http://doi.acm.org/10.1145/2003476.2003482},
  crossref  = {DBLP:conf/ppdp/2011},
  bibsource = {DBLP, http://dblp.uni-trier.de}
}
@proceedings{DBLP:conf/ppdp/2011,
  editor    = {Peter Schneider-Kamp and
               Michael Hanus},
  title     = {Proceedings of the 13th International ACM SIGPLAN Conference
               on Principles and Practice of Declarative Programming, July
               20-22, 2011, Odense, Denmark},
  booktitle = {PPDP},
  publisher = {ACM},
  year      = {2011},
  isbn      = {978-1-4503-0776-5},
  bibsource = {DBLP, http://dblp.uni-trier.de}
}



@inproceedings{WaGW11,
  author    = {Meng Wang and
               Jeremy Gibbons and
               Nicolas Wu},
  title     = {Incremental updates for efficient bidirectional transformations},
  booktitle = {ICFP},
  year      = {2011},
  pages     = {392-403},
  ee        = {http://doi.acm.org/10.1145/2034773.2034825},
  crossref  = {DBLP:conf/icfp/2011},
  bibsource = {DBLP, http://dblp.uni-trier.de}
}

@inproceedings{BiGMVS13,
  author    = {Richard S. Bird and
               Jeremy Gibbons and
               Stefan Mehner and
               Janis Voigtl{\"a}nder and
               Tom Schrijvers},
  title     = {Understanding idiomatic traversals backwards and forwards},
  booktitle = {Haskell},
  year      = {2013},
  pages     = {25-36},
  ee        = {http://doi.acm.org/10.1145/2503778.2503781},
  crossref  = {DBLP:conf/haskell/2013},
  bibsource = {DBLP, http://dblp.uni-trier.de}
}
@proceedings{DBLP:conf/haskell/2013,
  editor    = {Chung-chieh Shan},
  title     = {Proceedings of the 2013 ACM SIGPLAN Symposium on Haskell,
               Boston, MA, USA, September 23-24, 2013},
  booktitle = {Haskell},
  publisher = {ACM},
  year      = {2013},
  isbn      = {978-1-4503-2383-3},
  ee        = {http://dl.acm.org/citation.cfm?id=2503778},
  bibsource = {DBLP, http://dblp.uni-trier.de}
}


@article{BeJP12,
  author    = {Jean-Philippe Bernardy and
               Patrik Jansson and
               Ross Paterson},
  title     = {Proofs for free - Parametricity for dependent types},
  journal   = {J. Funct. Program.},
  volume    = {22},
  number    = {2},
  year      = {2012},
  pages     = {107-152},
  ee        = {http://dx.doi.org/10.1017/S0956796812000056},
  bibsource = {DBLP, http://dblp.uni-trier.de}
}
@inproceedings{Fegaras10,
  author    = {Leonidas Fegaras},
  title     = {Propagating updates through {XML} views using lineage tracing},
  booktitle = {ICDE},
  year      = {2010},
  pages     = {309-320},
  ee        = {http://doi.ieeecomputersociety.org/10.1109/ICDE.2010.5447896},
  crossref  = {DBLP:conf/icde/2010},
  bibsource = {DBLP, http://dblp.uni-trier.de}
}
@proceedings{DBLP:conf/icde/2010,
  editor    = {Feifei Li and
               Mirella M. Moro and
               Shahram Ghandeharizadeh and
               Jayant R. Haritsa and
               Gerhard Weikum and
               Michael J. Carey and
               Fabio Casati and
               Edward Y. Chang and
               Ioana Manolescu and
               Sharad Mehrotra and
               Umeshwar Dayal and
               Vassilis J. Tsotras},
  title     = {Proceedings of the 26th International Conference on Data
               Engineering, ICDE 2010, March 1-6, 2010, Long Beach, California,
               USA},
  booktitle = {ICDE},
  publisher = {IEEE},
  year      = {2010},
  isbn      = {978-1-4244-5444-0},
  bibsource = {DBLP, http://dblp.uni-trier.de}
}


@article{VyWe10, 
  author    = {Dimitrios Vytiniotis and
               Stephanie Weirich},
  title     = {Parametricity, type equality, and higher-order polymorphism},
  journal   = {J. Funct. Program.},
  volume    = {20},
  number    = {2},
  year      = {2010},
  pages     = {175-210},
  ee        = {http://dx.doi.org/10.1017/S0956796810000079},
  bibsource = {DBLP, http://dblp.uni-trier.de}
}

@inproceedings{FoMV12, 
  author    = {Nate Foster and
               Kazutaka Matsuda and
               Janis Voigtl{\"a}nder},
  title     = {Three Complementary Approaches to Bidirectional Programming},
  booktitle = {SSGIP},
  year      = {2010},
  pages     = {1-46},
  ee        = {http://dx.doi.org/10.1007/978-3-642-32202-0_1},
  crossref  = {DBLP:conf/ssgip/2010},
  bibsource = {DBLP, http://dblp.uni-trier.de}
}
@proceedings{DBLP:conf/ssgip/2010,
  editor    = {Jeremy Gibbons},
  title     = {Generic and Indexed Programming - International Spring School,
               SSGIP 2010, Oxford, UK, March 22-26, 2010, Revised Lectures},
  booktitle = {SSGIP},
  publisher = {Springer},
  series    = {Lecture Notes in Computer Science},
  volume    = {7470},
  year      = {2012},
  isbn      = {978-3-642-32201-3},
  ee        = {http://dx.doi.org/10.1007/978-3-642-32202-0},
  bibsource = {DBLP, http://dblp.uni-trier.de}
}


@article{AhUl69,
  author    = {Alfred V. Aho and
               Jeffrey D. Ullman},
  title     = {Syntax Directed Translations and the Pushdown Assembler},
  journal   = {J. Comput. Syst. Sci.},
  volume    = {3},
  number    = {1},
  year      = {1969},
  pages     = {37-56},
  ee        = {http://dx.doi.org/10.1016/S0022-0000(69)80006-1},
  bibsource = {DBLP, http://dblp.uni-trier.de}
}
@inproceedings{KaHo06,
  author    = {Shinya Kawanaka and
               Haruo Hosoya},
  title     = {bi{X}id: a bidirectional transformation language for {XML}},
  booktitle = {ICFP},
  year      = {2006},
  pages     = {201-214},
  ee        = {http://doi.acm.org/10.1145/1159803.1159830},
  crossref  = {DBLP:conf/icfp/2006},
  bibsource = {DBLP, http://dblp.uni-trier.de}
}

@proceedings{DBLP:conf/icfp/2006,
  editor    = {John H. Reppy and
               Julia L. Lawall},
  title     = {Proceedings of the 11th ACM SIGPLAN International Conference
               on Functional Programming, ICFP 2006, Portland, Oregon,
               USA, September 16-21, 2006},
  booktitle = {ICFP},
  publisher = {ACM},
  year      = {2006},
  isbn      = {1-59593-309-3},
  bibsource = {DBLP, http://dblp.uni-trier.de}
}

@article{BrMS08,
  author    = {Claus Brabrand and
               Anders M{\o}ller and
               Michael I. Schwartzbach},
  title     = {Dual syntax for {XML} languages},
  journal   = {Inf. Syst.},
  volume    = {33},
  number    = {4-5},
  year      = {2008},
  pages     = {385-406},
  ee        = {http://dx.doi.org/10.1016/j.is.2008.01.006},
  bibsource = {DBLP, http://dblp.uni-trier.de}
}
@inproceedings{BoFPPS08,
  author    = {Aaron Bohannon and
               J. Nathan Foster and
               Benjamin C. Pierce and
               Alexandre Pilkiewicz and
               Alan Schmitt},
  title     = {Boomerang: resourceful lenses for string data},
  booktitle = {POPL},
  year      = {2008},
  pages     = {407-419},
  ee        = {http://doi.acm.org/10.1145/1328438.1328487},
  crossref  = {DBLP:conf/popl/2008},
  bibsource = {DBLP, http://dblp.uni-trier.de}
}

@proceedings{DBLP:conf/popl/2008,
  editor    = {George C. Necula and
               Philip Wadler},
  title     = {Proceedings of the 35th ACM SIGPLAN-SIGACT Symposium on
               Principles of Programming Languages, POPL 2008, San Francisco,
               California, USA, January 7-12, 2008},
  booktitle = {POPL},
  publisher = {ACM},
  year      = {2008},
  isbn      = {978-1-59593-689-9},
  ee        = {http://dl.acm.org/citation.cfm?id=1328438},
  bibsource = {DBLP, http://dblp.uni-trier.de}
}


@inproceedings{WaGMH10,
  author    = {Meng Wang and
               Jeremy Gibbons and
               Kazutaka Matsuda and
               Zhenjiang Hu},
  title     = {Gradual Refinement: Blending Pattern Matching with Data Abstraction},
  booktitle = {MPC},
  year      = {2010},
  pages     = {397-425},
  ee        = {http://dx.doi.org/10.1007/978-3-642-13321-3_22},
  crossref  = {DBLP:conf/mpc/2010},
  bibsource = {DBLP, http://dblp.uni-trier.de}
}

@proceedings{DBLP:conf/mpc/2010,
  editor    = {Claude Bolduc and
               Jules Desharnais and
               B{\'e}chir Ktari},
  title     = {Mathematics of Program Construction, 10th International
               Conference, MPC 2010, Qu{\'e}bec City, Canada, June 21-23,
               2010. Proceedings},
  booktitle = {MPC},
  publisher = {Springer},
  series    = {Lecture Notes in Computer Science},
  volume    = {6120},
  year      = {2010},
  isbn      = {978-3-642-13320-6},
  ee        = {http://dx.doi.org/10.1007/978-3-642-13321-3},
  bibsource = {DBLP, http://dblp.uni-trier.de}
}


@Misc{RaLFC13,
  author =    {Raghu Rajkumar and Sam Lindley and Nate Foster and James Cheney},
  title =     {Lenses for Web Data},
  howpublished = {In Preliminary Proceedings of Second International Workshop on Bidirectional Transformations (BX 2013)},
  year =      2013}

@inproceedings{MuHT04aplas, 
  author    = {Shin-Cheng Mu and
               Zhenjiang Hu and
               Masato Takeichi},
  title     = {An Algebraic Approach to Bi-directional Updating},
  booktitle = {APLAS},
  year      = {2004},
  pages     = {2-20},
  ee        = {http://dx.doi.org/10.1007/978-3-540-30477-7_2},
  crossref  = {DBLP:conf/aplas/2004},
  bibsource = {DBLP, http://dblp.uni-trier.de}
}

@proceedings{DBLP:conf/aplas/2004,
  editor    = {Wei-Ngan Chin},
  title     = {Programming Languages and Systems: Second Asian Symposium,
               APLAS 2004, Taipei, Taiwan, November 4-6, 2004. Proceedings},
  booktitle = {APLAS},
  publisher = {Springer},
  series    = {Lecture Notes in Computer Science},
  volume    = {3302},
  year      = {2004},
  isbn      = {3-540-23724-0},
  bibsource = {DBLP, http://dblp.uni-trier.de}
}

@article{Hegner04,
  author    = {Stephen J. Hegner},
  title     = {An Order-Based Theory of Updates for Closed Database Views},
  journal   = {Ann. Math. Artif. Intell.},
  volume    = {40},
  number    = {1-2},
  year      = {2004},
  pages     = {63-125},
  ee        = {http://dx.doi.org/10.1023/A:1026158013113},
  bibsource = {DBLP, http://dblp.uni-trier.de}
}

@article{JoRo12,
  author    = {Michael Johnson and
               Robert D. Rosebrugh},
  title     = {Lens put-put laws: monotonic and mixed},
  journal   = {ECEASST},
  volume    = {49},
  year      = {2012},
  ee        = {http://journal.ub.tu-berlin.de/eceasst/article/view/729},
  bibsource = {DBLP, http://dblp.uni-trier.de}
}

@article{McPa08,
  author    = {Conor McBride and
               Ross Paterson},
  title     = {Applicative programming with effects},
  journal   = {J. Funct. Program.},
  volume    = {18},
  number    = {1},
  year      = {2008},
  pages     = {1-13},
  ee        = {http://dx.doi.org/10.1017/S0956796807006326},
  bibsource = {DBLP, http://dblp.uni-trier.de}
}

@inproceedings{Reynolds83,
  author    = {John C. Reynolds},
  title     = {Types, Abstraction and Parametric Polymorphism},
  booktitle = {Information Processing},
  year      = {1983},
  pages     = {513-523},
  editor    = {R.E.A.\ Mason},
  publisher = {Elsevier Science Publishers B.V.\ (North-Holland)},
  bibsource = {DBLP, http://dblp.uni-trier.de}
}
@inproceedings{GlKa03,
  author    = {Robert Gl{\"u}ck and
               Masahiko Kawabe},
  title     = {A Program Inverter for a Functional Language with Equality
               and Constructors},
  booktitle = {APLAS},
  year      = {2003},
  pages     = {246-264},
  ee        = {http://dx.doi.org/10.1007/978-3-540-40018-9_17},
  crossref  = {DBLP:conf/aplas/2003},
  bibsource = {DBLP, http://dblp.uni-trier.de}
}

@proceedings{DBLP:conf/aplas/2003,
  editor    = {Atsushi Ohori},
  title     = {Programming Languages and Systems, First Asian Symposium,
               APLAS 2003, Beijing, China, November 27-29, 2003, Proceedings},
  booktitle = {APLAS},
  publisher = {Springer},
  series    = {Lecture Notes in Computer Science},
  volume    = {2895},
  year      = {2003},
  isbn      = {3-540-20536-5},
  bibsource = {DBLP, http://dblp.uni-trier.de}
}


@inproceedings{KrFHL2009,
  author    = {Krzysztof Czarnecki and
               J. Nathan Foster and
               Zhenjiang Hu and
               Ralf L{\"a}mmel and
               Andy Sch{\"u}rr and
               James F. Terwilliger},
  title     = {Bidirectional Transformations: A Cross-Discipline Perspective},
  booktitle = {ICMT},
  year      = {2009},
  pages     = {260-283},
  ee        = {http://dx.doi.org/10.1007/978-3-642-02408-5_19},
  crossref  = {DBLP:conf/icmt/2009},
  bibsource = {DBLP, http://dblp.uni-trier.de}
}
@proceedings{DBLP:conf/icmt/2009,
  editor    = {Richard F. Paige},
  title     = {Theory and Practice of Model Transformations, Second International
               Conference, ICMT 2009, Zurich, Switzerland, June 29-30,
               2009. Proceedings},
  booktitle = {ICMT},
  publisher = {Springer},
  series    = {Lecture Notes in Computer Science},
  volume    = {5563},
  year      = {2009},
  isbn      = {978-3-642-02407-8},
  ee        = {http://dx.doi.org/10.1007/978-3-642-02408-5},
  bibsource = {DBLP, http://dblp.uni-trier.de}
}

@inproceedings{DaHJG06,
  author    = {Nils Anders Danielsson and
               John Hughes and
               Patrik Jansson and
               Jeremy Gibbons},
  title     = {Fast and loose reasoning is morally correct},
  booktitle = {POPL},
  year      = {2006},
  pages     = {206-217},
  ee        = {http://doi.acm.org/10.1145/1111037.1111056},
  crossref  = {DBLP:conf/popl/2006},
  bibsource = {DBLP, http://dblp.uni-trier.de}
}

@proceedings{DBLP:conf/popl/2006,
  editor    = {J. Gregory Morrisett and
               Simon L. Peyton Jones},
  title     = {Proceedings of the 33rd ACM SIGPLAN-SIGACT Symposium on
               Principles of Programming Languages, POPL 2006, Charleston,
               South Carolina, USA, January 11-13, 2006},
  booktitle = {POPL},
  publisher = {ACM},
  year      = {2006},
  isbn      = {1-59593-027-2},
  ee        = {http://dl.acm.org/citation.cfm?id=1111037},
  bibsource = {DBLP, http://dblp.uni-trier.de}
}

@inproceedings{MuHT04mpc,
  author    = {Shin-Cheng Mu and
               Zhenjiang Hu and
               Masato Takeichi},
  title     = {An Injective Language for Reversible Computation},
  booktitle = {MPC},
  year      = {2004},
  pages     = {289-313},
  ee        = {http://dx.doi.org/10.1007/978-3-540-27764-4_16},
  crossref  = {DBLP:conf/mpc/2004},
  bibsource = {DBLP, http://dblp.uni-trier.de}
}

@proceedings{DBLP:conf/mpc/2004,
  editor    = {Dexter Kozen and
               Carron Shankland},
  title     = {Mathematics of Program Construction, 7th International Conference,
               MPC 2004, Stirling, Scotland, UK, July 12-14, 2004, Proceedings},
  booktitle = {MPC},
  publisher = {Springer},
  series    = {Lecture Notes in Computer Science},
  volume    = {3125},
  year      = {2004},
  isbn      = {3-540-22380-0},
  bibsource = {DBLP, http://dblp.uni-trier.de}
}



@inproceedings{HuMT04,
  author    = {Zhenjiang Hu and
               Shin-Cheng Mu and
               Masato Takeichi},
  title     = {A programmable editor for developing structured documents
               based on bidirectional transformations},
  booktitle = {PEPM},
  year      = {2004},
  pages     = {178-189},
  ee        = {http://doi.acm.org/10.1145/1014007.1014025},
  crossref  = {DBLP:conf/pepm/2004},
  bibsource = {DBLP, http://dblp.uni-trier.de}
}

@proceedings{DBLP:conf/pepm/2004,
  editor    = {Nevin Heintze and
               Peter Sestoft},
  title     = {Proceedings of the 2004 ACM SIGPLAN Workshop on Partial
               Evaluation and Semantics-based Program Manipulation, 2004,
               Verona, Italy, August 24-25, 2004},
  booktitle = {PEPM},
  publisher = {ACM},
  year      = {2004},
  isbn      = {1-58113-835-0},
  ee        = {http://dl.acm.org/citation.cfm?id=1014007},
  bibsource = {DBLP, http://dblp.uni-trier.de}
}


@inproceedings{Hegner90,
  author    = {Stephen J. Hegner},
  title     = {Foundations of Canonical Update Support for Closed Database
               Views},
  booktitle = {ICDT},
  year      = {1990},
  pages     = {422-436},
  ee        = {http://dx.doi.org/10.1007/3-540-53507-1_93},
  crossref  = {DBLP:conf/icdt/90},
  bibsource = {DBLP, http://dblp.uni-trier.de}
}

@proceedings{DBLP:conf/icdt/90,
  editor    = {Serge Abiteboul and
               Paris C. Kanellakis},
  title     = {ICDT'90, Third International Conference on Database Theory,
               Paris, France, December 12-14, 1990, Proceedings},
  booktitle = {ICDT},
  publisher = {Springer},
  series    = {Lecture Notes in Computer Science},
  volume    = {470},
  year      = {1990},
  isbn      = {3-540-53507-1},
  bibsource = {DBLP, http://dblp.uni-trier.de}
}


@article{GoPZ88,
  author    = {Georg Gottlob and
               Paolo Paolini and
               Roberto Zicari},
  title     = {Properties and Update Semantics of Consistent Views},
  journal   = {ACM Trans. Database Syst.},
  volume    = {13},
  number    = {4},
  year      = {1988},
  pages     = {486-524},
  ee        = {http://doi.acm.org/10.1145/49346.50068},
  bibsource = {DBLP, http://dblp.uni-trier.de}
}


@article{Keller87,
  author    = {Arthur M. Keller},
  title     = {Comments on {Bancilhon} and {Spyratos}' ``Update Semantics and
               Relational Views''},
  journal   = {ACM Trans. Database Syst.},
  volume    = {12},
  number    = {3},
  year      = {1987},
  pages     = {521-523},
  ee        = {http://doi.acm.org/10.1145/27629.214296},
  bibsource = {DBLP, http://dblp.uni-trier.de}
}

@inproceedings{VoHMW10,
  author    = {Janis Voigtl{\"a}nder and
               Zhenjiang Hu and
               Kazutaka Matsuda and
               Meng Wang},
  title     = {Combining syntactic and semantic bidirectionalization},
  booktitle = {ICFP},
  year      = {2010},
  pages     = {181-192},
  ee        = {http://doi.acm.org/10.1145/1863543.1863571},
  crossref  = {DBLP:conf/icfp/2010},
  bibsource = {DBLP, http://dblp.uni-trier.de}
}


@inproceedings{HiHIKMN10,
  author    = {Soichiro Hidaka and
               Zhenjiang Hu and
               Kazuhiro Inaba and
               Hiroyuki Kato and
               Kazutaka Matsuda and
               Keisuke Nakano},
  title     = {Bidirectionalizing graph transformations},
  booktitle = {ICFP},
  year      = {2010},
  pages     = {205-216},
  ee        = {http://doi.acm.org/10.1145/1863543.1863573},
  crossref  = {DBLP:conf/icfp/2010},
  bibsource = {DBLP, http://dblp.uni-trier.de}
}

@proceedings{DBLP:conf/icfp/2010,
  editor    = {Paul Hudak and
               Stephanie Weirich},
  title     = {Proceeding of the 15th ACM SIGPLAN international conference
               on Functional programming, ICFP 2010, Baltimore, Maryland,
               USA, September 27-29, 2010},
  booktitle = {ICFP},
  publisher = {ACM},
  year      = {2010},
  isbn      = {978-1-60558-794-3},
  bibsource = {DBLP, http://dblp.uni-trier.de}
}

@article{DaBe82,
  author    = {Umeshwar Dayal and
               Philip A. Bernstein},
  title     = {On the Correct Translation of Update Operations on Relational
               Views},
  journal   = {ACM Trans. Database Syst.},
  volume    = {7},
  number    = {3},
  year      = {1982},
  pages     = {381-416},
  ee        = {http://doi.acm.org/10.1145/319732.319740},
  bibsource = {DBLP, http://dblp.uni-trier.de}
}

@inproceedings{WaRu99, 
  author    = {Malcolm Wallace and
               Colin Runciman},
  title     = {Haskell and {XML}: Generic Combinators or Type-Based Translation?},
  booktitle = {ICFP},
  year      = {1999},
  pages     = {148-159},
  ee        = {http://doi.acm.org/10.1145/317636.317794},
  crossref  = {DBLP:conf/icfp/1999},
  bibsource = {DBLP, http://dblp.uni-trier.de}
}

@proceedings{DBLP:conf/icfp/1999,
  editor    = {Didier R{\'e}mi and
               Peter Lee},
  title     = {Proceedings of the fourth ACM SIGPLAN International Conference
               on Functional Programming (ICFP '99), Paris, France, September
               27-29, 1999},
  booktitle = {ICFP},
  publisher = {ACM},
  year      = {1999},
  isbn      = {1-58113-111-9},
  bibsource = {DBLP, http://dblp.uni-trier.de}
}

@article{GiOl09,
  author    = {Jeremy Gibbons and
               Bruno C. d. S. Oliveira},
  title     = {The essence of the Iterator pattern},
  journal   = {J. Funct. Program.},
  volume    = {19},
  number    = {3-4},
  year      = {2009},
  pages     = {377-402},
  ee        = {http://dx.doi.org/10.1017/S0956796809007291},
  bibsource = {DBLP, http://dblp.uni-trier.de}
}


@inproceedings{MaHNHT07,
  author    = {Kazutaka Matsuda and
               Zhenjiang Hu and
               Keisuke Nakano and
               Makoto Hamana and
               Masato Takeichi},
  title     = {Bidirectionalization transformation based on automatic derivation
               of view complement functions},
  booktitle = {ICFP},
  year      = {2007},
  pages     = {47-58},
  ee        = {http://doi.acm.org/10.1145/1291151.1291162},
  crossref  = {DBLP:conf/icfp/2007},
  bibsource = {DBLP, http://dblp.uni-trier.de}
}

@proceedings{DBLP:conf/icfp/2007,
  editor    = {Ralf Hinze and
               Norman Ramsey},
  title     = {Proceedings of the 12th ACM SIGPLAN International Conference
               on Functional Programming, ICFP 2007, Freiburg, Germany,
               October 1-3, 2007},
  booktitle = {ICFP},
  publisher = {ACM},
  year      = {2007},
  isbn      = {978-1-59593-815-2},
  bibsource = {DBLP, http://dblp.uni-trier.de}
}


@article{BaSp81, 
  author    = {Fran\c{c}ois Bancilhon and
               Nicolas Spyratos},
  title     = {Update Semantics of Relational Views},
  journal   = {ACM Trans. Database Syst.},
  volume    = {6},
  number    = {4},
  year      = {1981},
  pages     = {557-575},
  ee        = {http://doi.acm.org/10.1145/319628.319634},
  bibsource = {DBLP, http://dblp.uni-trier.de}
}



@inproceedings{Voigtlander09bff,
  author    = {Janis Voigtl{\"a}nder},
  title     = {Bidirectionalization for free! (Pearl)},
  booktitle = {POPL},
  year      = {2009},
  pages     = {165-176},
  ee        = {http://doi.acm.org/10.1145/1480881.1480904},
  crossref  = {DBLP:conf/popl/2009},
  bibsource = {DBLP, http://dblp.uni-trier.de}
}



@inproceedings{Voigtlander09ft,
  author    = {Janis Voigtl{\"a}nder},
  title     = {Free theorems involving type constructor classes: functional
               pearl},
  booktitle = {ICFP},
  year      = {2009},
  pages     = {173-184},
  ee        = {http://doi.acm.org/10.1145/1596550.1596577},
  crossref  = {DBLP:conf/icfp/2009},
  bibsource = {DBLP, http://dblp.uni-trier.de}
}

@proceedings{DBLP:conf/icfp/2009,
  editor    = {Graham Hutton and
               Andrew P. Tolmach},
  title     = {Proceeding of the 14th ACM SIGPLAN international conference
               on Functional programming, ICFP 2009, Edinburgh, Scotland,
               UK, August 31 - September 2, 2009},
  booktitle = {ICFP},
  publisher = {ACM},
  year      = {2009},
  isbn      = {978-1-60558-332-7},
  bibsource = {DBLP, http://dblp.uni-trier.de}
}

@inproceedings{Wadler89,
  author    = {Philip Wadler},
  title     = {Theorems for Free!},
  booktitle = {FPCA},
  year      = {1989},
  pages     = {347-359},
  ee        = {http://doi.acm.org/10.1145/99370.99404},
  bibsource = {DBLP, http://dblp.uni-trier.de}
}

@inproceedings{KoTU10,
  author    = {Naoki Kobayashi and
               Naoshi Tabuchi and
               Hiroshi Unno},
  title     = {Higher-order multi-parameter tree transducers and recursion
               schemes for program verification},
  booktitle = {POPL},
  year      = {2010},
  pages     = {495-508},
  ee        = {http://doi.acm.org/10.1145/1706299.1706355},
  crossref  = {DBLP:conf/popl/2010},
  bibsource = {DBLP, http://dblp.uni-trier.de}
}

@Misc{MetaEnvironment,
  author =    {Paul Klint and Jurgen Vinju},
  title =     {The Architecture of The Meta-Environment},
  note =      {Available on: \url{http://www.meta-environment.org/doc/books//meta-environment/architecture-meta-environment/architecture-meta-environment.pdf}}}

@TechReport{Syn,
  author =       {Boulton, Richard J},
  title =        {{S}yn: a single language for specifiying abstract syntax tress, lexical analysis, parsing and pretty-printing},
  institution =  {University of Cambridge Computer Laboratory},
  year =         1996,
  number =    {UCAM-CL-TR-390}}

@proceedings{DBLP:conf/popl/2010,
  editor    = {Manuel V. Hermenegildo and
               Jens Palsberg},
  title     = {Proceedings of the 37th ACM SIGPLAN-SIGACT Symposium on
               Principles of Programming Languages, POPL 2010, Madrid,
               Spain, January 17-23, 2010},
  booktitle = {POPL},
  publisher = {ACM},
  year      = {2010},
  isbn      = {978-1-60558-479-9},
  ee        = {http://dl.acm.org/citation.cfm?id=1706299},
  bibsource = {DBLP, http://dblp.uni-trier.de}
}

@inproceedings{Duregard:2011:EPG:2034675.2034689,
 author = {Dureg{\aa}rd, Jonas and Jansson, Patrik},
 title = {Embedded parser generators},
 booktitle = {Proceedings of the 4th ACM symposium on Haskell},
 series = {Haskell '11},
 year = {2011},
 isbn = {978-1-4503-0860-1},
 location = {Tokyo, Japan},
 pages = {107--117},
 numpages = {11},
 url = {http://doi.acm.org/10.1145/2034675.2034689},
 doi = {10.1145/2034675.2034689},
 acmid = {2034689},
 publisher = {ACM},
 address = {New York, NY, USA},
 keywords = {domain specific languages, metaprogramming},
} 
@inproceedings{feat,
 author = {Dureg{\aa}rd, Jonas and Jansson, Patrik and Wang, Meng},
 title = {Feat: functional enumeration of algebraic types},
 booktitle = {Proceedings of the 2012 symposium on Haskell symposium},
 series = {Haskell '12},
 year = {2012},
 isbn = {978-1-4503-1574-6},
 location = {Copenhagen, Denmark},
 pages = {61--72},
 numpages = {12},
 url = {http://doi.acm.org/10.1145/2364506.2364515},
 doi = {10.1145/2364506.2364515},
 acmid = {2364515},
 publisher = {ACM},
 address = {New York, NY, USA},
 keywords = {enumeration, memoisation, property-based testing},
} 
@article{Sands96,
  author    = {David Sands},
  title     = {Proving the Correctness of Recursion-Based Automatic Program
               Transformations},
  journal   = {Theor. Comput. Sci.},
  volume    = {167},
  number    = {1{\&}2},
  year      = {1996},
  pages     = {193-233},
  ee        = {http://dx.doi.org/10.1016/0304-3975(96)00074-6},
  bibsource = {DBLP, http://dblp.uni-trier.de}
}
@article{SoSe92,
  author    = {Harald S{\o}ndergaard and
               Peter Sestoft},
  title     = {Non-Determinism in Functional Languages},
  journal   = {Comput. J.},
  volume    = {35},
  number    = {5},
  year      = {1992},
  pages     = {514-523},
  ee        = {http://dx.doi.org/10.1093/comjnl/35.5.514},
  bibsource = {DBLP, http://dblp.uni-trier.de}
}

@article{Baker79,
  author    = {Brenda S. Baker},
  title     = {Composition of Top-Down and Bottom-Up Tree Transductions},
  journal   = {Information and Control},
  volume    = {41},
  number    = {2},
  year      = {1979},
  pages     = {186-213},
  bibsource = {DBLP, http://dblp.uni-trier.de}
}
@article{JaJe02,
  author    = {Patrik Jansson and
               Johan Jeuring},
  title     = {Polytypic data conversion programs},
  journal   = {Sci. Comput. Program.},
  volume    = {43},
  number    = {1},
  year      = {2002},
  pages     = {35-75},
  ee        = {http://dx.doi.org/10.1016/S0167-6423(01)00020-X},
  bibsource = {DBLP, http://dblp.uni-trier.de}
}
@inproceedings{Fischer68,
  author    = {Michael J. Fischer},
  title     = {Grammars with Macro-Like Productions},
  booktitle = {SWAT (FOCS)},
  year      = {1968},
  pages     = {131-142},
  ee        = {http://doi.ieeecomputersociety.org/10.1109/SWAT.1968.12},
  crossref  = {DBLP:conf/focs/FOCS9},
  bibsource = {DBLP, http://dblp.uni-trier.de}
}

@proceedings{DBLP:conf/focs/FOCS9,
  title     = {9th Annual Symposium on Switching and Automata Theory, Schenectady,
               New York, USA, October 15-18, 1968},
  booktitle = {SWAT (FOCS)},
  publisher = {IEEE Computer Society},
  year      = {1968},
  bibsource = {DBLP, http://dblp.uni-trier.de}
}

@inproceedings{JoNo09,
  author    = {Peter A. Jonsson and
               Johan Nordlander},
  title     = {Positive supercompilation for a higher order call-by-value
               language},
  booktitle = {POPL},
  year      = {2009},
  pages     = {277-288},
  ee        = {http://doi.acm.org/10.1145/1480881.1480916},
  crossref  = {DBLP:conf/popl/2009},
  bibsource = {DBLP, http://dblp.uni-trier.de}
}


@inproceedings{KuGK01,
  author    = {Armin K{\"u}hnemann and
               Robert Gl{\"u}ck and
               Kazuhiko Kakehi},
  title     = {Relating Accumulative and Non-accumulative Functional Programs},
  booktitle = {RTA},
  year      = {2001},
  pages     = {154-168},
  ee        = {http://dx.doi.org/10.1007/3-540-45127-7_13},
  crossref  = {DBLP:conf/rta/2001},
  bibsource = {DBLP, http://dblp.uni-trier.de}
}

@proceedings{DBLP:conf/rta/2001,
  editor    = {Aart Middeldorp},
  title     = {Rewriting Techniques and Applications, 12th International
               Conference, RTA 2001, Utrecht, The Netherlands, May 22-24,
               2001, Proceedings},
  booktitle = {RTA},
  publisher = {Springer},
  series    = {Lecture Notes in Computer Science},
  volume    = {2051},
  year      = {2001},
  isbn      = {3-540-42117-3},
  bibsource = {DBLP, http://dblp.uni-trier.de}
}

@article{FGMPS07,
  author    = {J. Nathan Foster and
               Michael B. Greenwald and
               Jonathan T. Moore and
               Benjamin C. Pierce and
               Alan Schmitt},
  title     = {Combinators for bidirectional tree transformations: A linguistic
               approach to the view-update problem},
  journal   = {ACM Trans. Program. Lang. Syst.},
  volume    = {29},
  number    = {3},
  year      = {2007},
  ee        = {http://doi.acm.org/10.1145/1232420.1232424},
  bibsource = {DBLP, http://dblp.uni-trier.de}
}
@inproceedings{FoPP08,
  author    = {J. Nathan Foster and
               Alexandre Pilkiewicz and
               Benjamin C. Pierce},
  title     = {Quotient lenses},
  booktitle = {ICFP},
  year      = {2008},
  pages     = {383-396},
  ee        = {http://doi.acm.org/10.1145/1411204.1411257},
  crossref  = {DBLP:conf/icfp/2008},
  bibsource = {DBLP, http://dblp.uni-trier.de}
}

@proceedings{DBLP:conf/icfp/2008,
  editor    = {James Hook and
               Peter Thiemann},
  title     = {Proceeding of the 13th ACM SIGPLAN international conference
               on Functional programming, ICFP 2008, Victoria, BC, Canada,
               September 20-28, 2008},
  booktitle = {ICFP},
  publisher = {ACM},
  year      = {2008},
  isbn      = {978-1-59593-919-7},
  bibsource = {DBLP, http://dblp.uni-trier.de}
}

@article{HoPi03,
  author    = {Haruo Hosoya and
               Benjamin C. Pierce},
  title     = {{XD}uce: A statically typed {XML} processing language},
  journal   = {ACM Trans. Internet Techn.},
  volume    = {3},
  number    = {2},
  year      = {2003},
  pages     = {117-148},
  ee        = {http://doi.acm.org/10.1145/767193.767195},
  bibsource = {DBLP, http://dblp.uni-trier.de}
}
@article{AhUl69,
  author    = {Alfred V. Aho and
               Jeffrey D. Ullman},
  title     = {Syntax Directed Translations and the Pushdown Assembler},
  journal   = {J. Comput. Syst. Sci.},
  volume    = {3},
  number    = {1},
  year      = {1969},
  pages     = {37-56},
  ee        = {http://dx.doi.org/10.1016/S0022-0000(69)80006-1},
  bibsource = {DBLP, http://dblp.uni-trier.de}
}
@inproceedings{BrGM07,
  author    = {Claus Brabrand and
               Robert Giegerich and
               Anders M{\o}ller},
  title     = {Analyzing Ambiguity of Context-Free Grammars},
  booktitle = {CIAA},
  year      = {2007},
  pages     = {214-225},
  ee        = {http://dx.doi.org/10.1007/978-3-540-76336-9_21},
  crossref  = {DBLP:conf/wia/2007},
  bibsource = {DBLP, http://dblp.uni-trier.de}
}

@proceedings{DBLP:conf/wia/2007,
  editor    = {Jan Holub and
               Jan Zd{\'a}rek},
  title     = {Implementation and Application of Automata, 12th International
               Conference, CIAA 2007, Prague, Czech Republic, July 16-18,
               2007, Revised Selected Papers},
  booktitle = {CIAA},
  publisher = {Springer},
  series    = {Lecture Notes in Computer Science},
  volume    = {4783},
  year      = {2007},
  isbn      = {978-3-540-76335-2},
  bibsource = {DBLP, http://dblp.uni-trier.de}
}


@article{BrMS08,
  author    = {Claus Brabrand and
               Anders M{\o}ller and
               Michael I. Schwartzbach},
  title     = {Dual syntax for {XML} languages},
  journal   = {Inf. Syst.},
  volume    = {33},
  number    = {4-5},
  year      = {2008},
  pages     = {385-406},
  ee        = {http://dx.doi.org/10.1016/j.is.2008.01.006},
  bibsource = {DBLP, http://dblp.uni-trier.de}
}
@inproceedings{ReOs10,
  author    = {Tillmann Rendel and
               Klaus Ostermann},
  title     = {Invertible syntax descriptions: unifying parsing and pretty
               printing},
  booktitle = {Haskell},
  year      = {2010},
  pages     = {1-12},
  ee        = {http://doi.acm.org/10.1145/1863523.1863525},
  crossref  = {DBLP:conf/haskell/2010},
  bibsource = {DBLP, http://dblp.uni-trier.de}
}

@proceedings{DBLP:conf/haskell/2010,
  editor    = {Jeremy Gibbons},
  title     = {Proceedings of the 3rd ACM SIGPLAN Symposium on Haskell,
               Haskell 2010, Baltimore, MD, USA, 30 September 2010},
  booktitle = {Haskell},
  publisher = {ACM},
  year      = {2010},
  isbn      = {978-1-4503-0252-4},
  bibsource = {DBLP, http://dblp.uni-trier.de}
}

@inproceedings{MiDS11,
  author    = {Matthew Might and
               David Darais and
               Daniel Spiewak},
  title     = {Parsing with derivatives: a functional pearl},
  booktitle = {ICFP},
  year      = {2011},
  pages     = {189-195},
  ee        = {http://doi.acm.org/10.1145/2034773.2034801},
  crossref  = {DBLP:conf/icfp/2011},
  bibsource = {DBLP, http://dblp.uni-trier.de}
}

@proceedings{DBLP:conf/icfp/2011,
  editor    = {Manuel M. T. Chakravarty and
               Zhenjiang Hu and
               Olivier Danvy},
  title     = {Proceeding of the 16th ACM SIGPLAN international conference
               on Functional Programming, ICFP 2011, Tokyo, Japan, September
               19-21, 2011},
  booktitle = {ICFP},
  publisher = {ACM},
  year      = {2011},
  isbn      = {978-1-4503-0865-6},
  bibsource = {DBLP, http://dblp.uni-trier.de}
}

@inproceedings{FrHC08,
  author    = {Richard A. Frost and
               Rahmatullah Hafiz and
               Paul Callaghan},
  title     = {Parser Combinators for Ambiguous Left-Recursive Grammars},
  booktitle = {PADL},
  year      = {2008},
  pages     = {167-181},
  ee        = {http://dx.doi.org/10.1007/978-3-540-77442-6_12},
  crossref  = {DBLP:conf/padl/2008},
  bibsource = {DBLP, http://dblp.uni-trier.de}
}

@proceedings{DBLP:conf/padl/2008,
  editor    = {Paul Hudak and
               David Scott Warren},
  title     = {Practical Aspects of Declarative Languages, 10th International
               Symposium, PADL 2008, San Francisco, CA, USA, January 7-8,
               2008},
  booktitle = {PADL},
  publisher = {Springer},
  series    = {Lecture Notes in Computer Science},
  volume    = {4902},
  year      = {2008},
  isbn      = {978-3-540-77441-9},
  bibsource = {DBLP, http://dblp.uni-trier.de}
}
@inproceedings{GiKV03,
  author    = {J{\"u}rgen Giesl and
               Armin K{\"u}hnemann and
               Janis Voigtl{\"a}nder},
  title     = {Deaccumulation - Improving Provability},
  booktitle = {ASIAN},
  year      = {2003},
  pages     = {146-160},
  ee        = {http://dx.doi.org/10.1007/978-3-540-40965-6_10},
  crossref  = {DBLP:conf/asian/2003},
  bibsource = {DBLP, http://dblp.uni-trier.de}
}

@proceedings{DBLP:conf/asian/2003,
  editor    = {Vijay A. Saraswat},
  title     = {Advances in Computing Science - ASIAN 2003 Programming Languages
               and Distributed Computation, 8th Asian Computing Science
               Conference, Mumbai, India, December 10-14, 2003, Proceedings},
  booktitle = {ASIAN},
  publisher = {Springer},
  series    = {Lecture Notes in Computer Science},
  volume    = {2896},
  year      = {2003},
  isbn      = {3-540-20632-9},
  bibsource = {DBLP, http://dblp.uni-trier.de}
}

@article{Thatcher70,
  author    = {James W. Thatcher},
  title     = {Generalized Sequential Machine Maps},
  journal   = {J. Comput. Syst. Sci.},
  volume    = {4},
  number    = {4},
  year      = {1970},
  pages     = {339-367},
  ee        = {http://dx.doi.org/10.1016/S0022-0000(70)80017-4},
  bibsource = {DBLP, http://dblp.uni-trier.de}
}

@article{Asveld81,
          volume = {10},
          number = {1},
          author = {Peter R.J. {Asveld}},
           title = {Time and Space Complexity of Inside-Out Macro Languages},
       publisher = {Taylor \& Francis},
         journal = {International Journal of Computer Mathematics},
           pages = {3--14},
            year = {1981},
             url = {http://doc.utwente.nl/65997/},
        abstract = {Starting from Fischer's IO Standard Form Theorem we show that for each inside-out (or IO-) macro language $L$, there is a $\lambda$-free IO-macro grammar with the following property: for each $x$ in $L$, there is a derivation of $x$ of length at most linear in the length of $x$.  Then we construct a nondeterministic log-space bounded auxiliary pushdown automaton which accepts $L$ in polynomial time. Therefore the IO-macro languages are (many-one) log-space reducible to the context-free languages.  Consequently, the membership problem for IO-macro languages can be solved deterministically in polynomial time and in space $(\log n)^2$.}
}




@InCollection{Wadler03,
  author =       {Philip Wadler},
  title =        {A Prettier Printer},
  booktitle =    {The Fun of Programming},
  publisher = {Palgrave Macmillan},
  year =      2003,
  editor =    {Jeremy Gibbons and Oege de Moor},
  chapter =   11}

@inproceedings{Hughes95,
  author    = {John Hughes},
  title     = {The Design of a Pretty-printing Library},
  booktitle = {Advanced Functional Programming},
  year      = {1995},
  pages     = {53-96},
  ee        = {http://dx.doi.org/10.1007/3-540-59451-5_3},
  crossref  = {DBLP:conf/afp/1995},
  bibsource = {DBLP, http://dblp.uni-trier.de}
}

@proceedings{DBLP:conf/afp/1995,
  editor    = {Johan Jeuring and
               Erik Meijer},
  title     = {Advanced Functional Programming, First International Spring
               School on Advanced Functional Programming Techniques, B{\aa}stad,
               Sweden, May 24-30, 1995, Tutorial Text},
  booktitle = {Advanced Functional Programming},
  publisher = {Springer},
  series    = {Lecture Notes in Computer Science},
  volume    = {925},
  year      = {1995},
  isbn      = {3-540-59451-5},
  bibsource = {DBLP, http://dblp.uni-trier.de}
}



@inproceedings{MaIN12,
  author    = {Kazutaka Matsuda and
               Kazuhiro Inaba and
               Keisuke Nakano},
  title     = {Polynomial-time inverse computation for accumulative functions
               with multiple data traversals},
  booktitle = {PEPM},
  year      = {2012},
  pages     = {5-14},
  ee        = {http://doi.acm.org/10.1145/2103746.2103752},
  crossref  = {DBLP:conf/pepm/2012},
  bibsource = {DBLP, http://dblp.uni-trier.de}
}

@proceedings{DBLP:conf/pepm/2012,
  editor    = {Oleg Kiselyov and
               Simon Thompson},
  title     = {Proceedings of the ACM SIGPLAN 2012 Workshop on Partial
               Evaluation and Program Manipulation, PEPM 2012, Philadelphia,
               Pennsylvania, USA, January 23-24, 2012},
  booktitle = {PEPM},
  publisher = {ACM},
  year      = {2012},
  isbn      = {978-1-4503-1118-2},
  ee        = {http://dl.acm.org/citation.cfm?id=2103746},
  bibsource = {DBLP, http://dblp.uni-trier.de}
}


@inproceedings{Kobayashi09,
  author    = {Naoki Kobayashi},
  title     = {Types and higher-order recursion schemes for verification
               of higher-order programs},
  booktitle = {POPL},
  year      = {2009},
  pages     = {416-428},
  ee        = {http://doi.acm.org/10.1145/1480881.1480933},
  crossref  = {DBLP:conf/popl/2009},
  bibsource = {DBLP, http://dblp.uni-trier.de}
}
@proceedings{DBLP:conf/popl/2009,
  editor    = {Zhong Shao and
               Benjamin C. Pierce},
  title     = {Proceedings of the 36th ACM SIGPLAN-SIGACT Symposium on
               Principles of Programming Languages, POPL 2009, Savannah,
               GA, USA, January 21-23, 2009},
  booktitle = {POPL},
  publisher = {ACM},
  year      = {2009},
  isbn      = {978-1-60558-379-2},
  ee        = {http://dl.acm.org/citation.cfm?id=1480881},
  bibsource = {DBLP, http://dblp.uni-trier.de}
}


@article{PeSe04,
  author    = {Thomas Perst and
               Helmut Seidl},
  title     = {Macro forest transducers},
  journal   = {Inf. Process. Lett.},
  volume    = {89},
  number    = {3},
  year      = {2004},
  pages     = {141-149},
  ee        = {http://dx.doi.org/10.1016/j.ipl.2003.05.001},
  bibsource = {DBLP, http://dblp.uni-trier.de}
}
@inproceedings{Dowek91,
  author    = {Gilles Dowek},
  title     = {A Second-Order Pattern Matching Algorithm for the Cube of
               Typed Lambda-Calculi},
  booktitle = {MFCS},
  year      = {1991},
  pages     = {151-160},
  ee        = {http://dx.doi.org/10.1007/3-540-54345-7_58},
  bibsource = {DBLP, http://dblp.uni-trier.de}
}

@PhdThesis{Huet76,
  author = 	 {G{\'e}rard P. Huet},
  title = 	 {R\'esolution d'\'equations dans les langages d'ordre 1,2,\ldots,$\omega$},
  school = 	 {Universit\'e de Paris VII},
  year = 	 1976}

@article{HuLa78,
  author    = {G{\'e}rard P. Huet and
               Bernard Lang},
  title     = {Proving and Applying Program Transformations Expressed with
               Second-Order Patterns},
  journal   = {Acta Inf.},
  volume    = {11},
  year      = {1978},
  pages     = {31-55},
  ee        = {http://dx.doi.org/10.1007/BF00264598},
  bibsource = {DBLP, http://dblp.uni-trier.de}
}

@inproceedings{SaGr03,
  author    = {Sylvain Salvati and
               Philippe de Groote},
  title     = {On the Complexity of Higher-Order Matching in the Linear
               lambda-Calculus},
  booktitle = {RTA},
  year      = {2003},
  pages     = {234-245},
  ee        = {http://dx.doi.org/10.1007/3-540-44881-0_17},
  crossref  = {DBLP:conf/rta/2003},
  bibsource = {DBLP, http://dblp.uni-trier.de}
}

@proceedings{DBLP:conf/rta/2003,
  editor    = {Robert Nieuwenhuis},
  title     = {Rewriting Techniques and Applications, 14th International
               Conference, RTA 2003, Valencia, Spain, June 9-11, 2003,
               Proceedings},
  booktitle = {RTA},
  publisher = {Springer},
  series    = {Lecture Notes in Computer Science},
  volume    = {2706},
  year      = {2003},
  isbn      = {3-540-40254-3},
  bibsource = {DBLP, http://dblp.uni-trier.de}
}

@article{AlVi01,
  author    = {Elvira Albert and
               Germ{\'a}n Vidal},
  title     = {The Narrowing-driven Approach to Functional Logic Program
               Specialization},
  journal   = {New Generation Comput.},
  volume    = {20},
  number    = {1},
  year      = {2001},
  pages     = {3-26},
  ee        = {http://dx.doi.org/10.1007/BF03037257},
  bibsource = {DBLP, http://dblp.uni-trier.de}
}


@article{SoGJ96,
  author    = {Morten Heine S{\o}rensen and
               Robert Gl{\"u}ck and
               Neil D. Jones},
  title     = {A Positive Supercompiler},
  journal   = {J. Funct. Program.},
  volume    = {6},
  number    = {6},
  year      = {1996},
  pages     = {811-838},
  ee        = {http://dx.doi.org/10.1017/S0956796800002008},
  bibsource = {DBLP, http://dblp.uni-trier.de}
}
@inproceedings{GlSo94,
  author    = {Robert Gl{\"u}ck and
               Morten Heine S{\o}rensen},
  title     = {Partial Deduction and Driving are Equivalent},
  booktitle = {PLILP},
  year      = {1994},
  pages     = {165-181},
  ee        = {http://dx.doi.org/10.1007/3-540-58402-1_13},
  crossref  = {DBLP:conf/plilp/1994},
  bibsource = {DBLP, http://dblp.uni-trier.de}
}

@proceedings{DBLP:conf/plilp/1994,
  editor    = {Manuel V. Hermenegildo and
               Jaan Penjam},
  title     = {Programming Language Implementation and Logic Programming,
               6th International Symposium, PLILP'94, Madrid, Spain, September
               14-16, 1994, Proceedings},
  booktitle = {PLILP},
  publisher = {Springer},
  series    = {Lecture Notes in Computer Science},
  volume    = {844},
  year      = {1994},
  isbn      = {3-540-58402-1},
  bibsource = {DBLP, http://dblp.uni-trier.de}
}

@article{ChKJ06,
 author    = {Wei-Ngan Chin and
              Siau-Cheng Khoo and
              Neil Jones},
 title     = {Redundant Call Elimination via Tupling},
 journal   = {Fundam. Inform.},
 volume    = {69},
 number    = {1-2},
 year      = {2006},
 pages     = {1-37},
 ee        = {http://iospress.metapress.com/content/0jpm22l487kdm4ne/},
 bibsource = {DBLP, http://dblp.uni-trier.de}
}


@article{Hughes86,
  author    = {John Hughes},
  title     = {A Novel Representation of Lists and its Application to the
               Function "reverse"},
  journal   = {Inf. Process. Lett.},
  volume    = {22},
  number    = {3},
  year      = {1986},
  pages     = {141-144},
  ee        = {http://dx.doi.org/10.1016/0020-0190(86)90059-1},
  bibsource = {DBLP, http://dblp.uni-trier.de}
}


@InProceedings{NiSS01,
  author = 	 {Naoki Nishida and Masahiko Sakai and Toshiki Sakabe},
  title = 	 {Generation of inverse term rewriting systems for pure treeless functions},
  booktitle = {Proceedings of the International Workshop on Rewriting in Proof and Computation},
  pages = 	 {188--198},
  year = 	 2001}

@book{AhUl72, 
 author = {Aho, Alfred V. and Ullman, Jeffrey D.},
 title = {The theory of parsing, translation, and compiling},
 year = {1972},
 isbn = {0-13-914556-7},
 publisher = {Prentice-Hall, Inc.},
 address = {Upper Saddle River, NJ, USA},
} 


@article{Fulop94,
  author    = {Zolt{\'a}n F{\"u}l{\"o}p},
  title     = {Undecidable Properties of Deterministic Top-Down Tree Transducers},
  journal   = {Theor. Comput. Sci.},
  volume    = {134},
  number    = {2},
  year      = {1994},
  pages     = {311-328},
  ee        = {http://dx.doi.org/10.1016/0304-3975(94)90241-0},
  bibsource = {DBLP, http://dblp.uni-trier.de}
}
@article{MaNe05,
  author    = {Wim Martens and
               Frank Neven},
  title     = {On the complexity of typechecking top-down {XML} transformations},
  journal   = {Theor. Comput. Sci.},
  volume    = {336},
  number    = {1},
  year      = {2005},
  pages     = {153-180},
  ee        = {http://dx.doi.org/10.1016/j.tcs.2004.10.035},
  bibsource = {DBLP, http://dblp.uni-trier.de}
}


@inproceedings{MaNa08,
  author    = {Sebastian Maneth and
               Keisuke Nakano},
  title     = {{XML} Type Checking for Macro Tree Transducers with Holes},
  booktitle = {PLAN-X},
  year      = {2008},
  ee        = {http://gemo.futurs.inria.fr/events/PLANX2008//papers/p19.pdf},
  crossref  = {DBLP:conf/planX/2008},
  bibsource = {DBLP, http://dblp.uni-trier.de}
}

@proceedings{DBLP:conf/planX/2008,
  title     = {PLAN-X 2008, Programming Language Technologies for {XML},
               An ACM SIGPLAN Workshop colocated with POPL 2008, San Francisco,
               California, USA, January 9, 2008},
  booktitle = {PLAN-X},
  year      = {2008},
  bibsource = {DBLP, http://dblp.uni-trier.de}
}


@inproceedings{Korf81,
  author    = {Richard E. Korf},
  title     = {Inversion of Applicative Programs},
  booktitle = {IJCAI},
  year      = {1981},
  pages     = {1007-1009},
  crossref  = {DBLP:conf/ijcai/1981},
  bibsource = {DBLP, http://dblp.uni-trier.de}
}

@proceedings{DBLP:conf/ijcai/1981,
  editor    = {Patrick J. Hayes},
  title     = {Proceedings of the 7th International Joint Conference on
               Artificial Intelligence (IJCAI '81), Vancouver, BC, Canada,
               August 1981},
  booktitle = {IJCIA},
  publisher = {William Kaufmann},
  year      = {1981},
  bibsource = {DBLP, http://dblp.uni-trier.de}
}

@article{GlKa05,
  author    = {Robert Gl{\"u}ck and
               Masahiko Kawabe},
  title     = {Revisiting an automatic program inverter for Lisp},
  journal   = {SIGPLAN Notices},
  volume    = {40},
  number    = {5},
  year      = {2005},
  pages     = {8-17},
  ee        = {http://doi.acm.org/10.1145/1071221.1071222},
  bibsource = {DBLP, http://dblp.uni-trier.de}
}

@inproceedings{Chin93,
  author    = {Wei-Ngan Chin},
  title     = {Towards an Automated Tupling Strategy},
  booktitle = {PEPM},
  year      = {1993},
  pages     = {119-132},
  ee        = {http://doi.acm.org/10.1145/154630.154643},
  bibsource = {DBLP, http://dblp.uni-trier.de}
}
@inproceedings{RuNL08,
  author    = {Colin Runciman and
               Matthew Naylor and
               Fredrik Lindblad},
  title     = {{SmallCheck} and lazy {SmallCheck}: automatic exhaustive testing
               for small values},
  booktitle = {Haskell},
  year      = {2008},
  pages     = {37-48},
  ee        = {http://doi.acm.org/10.1145/1411286.1411292},
  crossref  = {DBLP:conf/haskell/2008},
  bibsource = {DBLP, http://dblp.uni-trier.de}
}
@proceedings{DBLP:conf/haskell/2008,
  editor    = {Andy Gill},
  title     = {Proceedings of the 1st ACM SIGPLAN Symposium on Haskell,
               Haskell 2008, Victoria, BC, Canada, 25 September 2008},
  booktitle = {Haskell},
  publisher = {ACM},
  year      = {2008},
  isbn      = {978-1-60558-064-7},
  bibsource = {DBLP, http://dblp.uni-trier.de}
}

@inproceedings{ChFi08,
  author    = {Jan Christiansen and
               Sebastian Fischer},
  title     = {{EasyCheck} --- Test Data for Free},
  booktitle = {FLOPS},
  year      = {2008},
  pages     = {322-336},
  ee        = {http://dx.doi.org/10.1007/978-3-540-78969-7_23},
  crossref  = {DBLP:conf/flops/2008},
  bibsource = {DBLP, http://dblp.uni-trier.de}
}
@proceedings{DBLP:conf/flops/2008,
  editor    = {Jacques Garrigue and
               Manuel V. Hermenegildo},
  title     = {Functional and Logic Programming, 9th International Symposium,
               FLOPS 2008, Ise, Japan, April 14-16, 2008. Proceedings},
  booktitle = {FLOPS},
  publisher = {Springer},
  series    = {Lecture Notes in Computer Science},
  volume    = {4989},
  year      = {2008},
  isbn      = {978-3-540-78968-0},
  bibsource = {DBLP, http://dblp.uni-trier.de}
}

@Book{Bird98,
  author = 	 {Richard Bird},
  title = 	 {Introduction to Functional Programming using Haskell},
  publisher = 	 {Prentice Hall},
  year = 	 1998,
  edition = 	 {Second Edition}}

@book{Yellin88,
  author    = {Daniel M. Yellin},
  title     = {Attribute Grammar Inversion and Source-to-source Translation},
  publisher = {Springer},
  series    = {Lecture Notes in Computer Science},
  volume    = {302},
  year      = {1988},
  isbn      = {3-540-19072-4},
  ee        = {http://dx.doi.org/10.1007/3-540-19072-4},
  bibsource = {DBLP, http://dblp.uni-trier.de}
}

@inproceedings{Mogensen06,
  author    = {Torben {\AE}. Mogensen},
  title     = {Report on an Implementation of a Semi-inverter},
  booktitle = {Ershov Memorial Conference},
  year      = {2006},
  pages     = {322-334},
  ee        = {http://dx.doi.org/10.1007/978-3-540-70881-0_28},
  crossref  = {DBLP:conf/ershov/2006},
  bibsource = {DBLP, http://dblp.uni-trier.de}
}

@inproceedings{GlKa04,
  author    = {Robert Gl{\"u}ck and
               Masahiko Kawabe},
  title     = {Derivation of Deterministic Inverse Programs Based on {LR}
               Parsing},
  booktitle = {FLOPS},
  year      = {2004},
  pages     = {291-306},
  ee        = {http://dx.doi.org/10.1007/978-3-540-24754-8_21},
  crossref  = {DBLP:conf/flops/2004},
  bibsource = {DBLP, http://dblp.uni-trier.de}
}
@proceedings{DBLP:conf/flops/2004,
  editor    = {Yukiyoshi Kameyama and
               Peter J. Stuckey},
  title     = {Functional and Logic Programming, 7th International Symposium,
               FLOPS 2004, Nara, Japan, April 7-9, 2004, Proceedings},
  booktitle = {FLOPS},
  publisher = {Springer},
  series    = {Lecture Notes in Computer Science},
  volume    = {2998},
  year      = {2004},
  isbn      = {3-540-21402-X},
  bibsource = {DBLP, http://dblp.uni-trier.de}
}

@inproceedings{NiVi11, 
  author    = {Naoki Nishida and
               Germ{\'a}n Vidal},
  title     = {Program Inversion for Tail Recursive Functions},
  booktitle = {RTA},
  year      = {2011},
  pages     = {283-298},
  ee        = {http://dx.doi.org/10.4230/LIPIcs.RTA.2011.283},
  crossref  = {DBLP:conf/rta/2011},
  bibsource = {DBLP, http://dblp.uni-trier.de}
}
@proceedings{DBLP:conf/rta/2011,
  editor    = {Manfred Schmidt-Schau{\ss}},
  title     = {Proceedings of the 22nd International Conference on Rewriting
               Techniques and Applications, RTA 2011, May 30 - June 1,
               2011, Novi Sad, Serbia},
  booktitle = {RTA},
  publisher = {Schloss Dagstuhl - Leibniz-Zentrum fuer Informatik},
  series    = {LIPIcs},
  volume    = {10},
  year      = {2011},
  isbn      = {978-3-939897-30-9},
  bibsource = {DBLP, http://dblp.uni-trier.de}
}


@inproceedings{HITT97,
  author    = {Zhenjiang Hu and
               Hideya Iwasaki and
               Masato Takeichi and
               Akihiko Takano},
  title     = {Tupling Calculation Eliminates Multiple Data Traversals},
  booktitle = {ICFP},
  year      = {1997},
  pages     = {164-175},
  ee        = {http://doi.acm.org/10.1145/258948.258964},
  bibsource = {DBLP, http://dblp.uni-trier.de}
}
@article{Bird84,
  author    = {Richard S. Bird},
  title     = {Using Circular Programs to Eliminate Multiple Traversals
               of Data},
  journal   = {Acta Inf.},
  volume    = {21},
  year      = {1984},
  pages     = {239-250},
  ee        = {http://dx.doi.org/10.1007/BF00264249},
  bibsource = {DBLP, http://dblp.uni-trier.de}
}


@inproceedings{Eppstein85,
  author    = {David Eppstein},
  title     = {A Heuristic Approach to Program Inversion},
  booktitle = {IJCAI},
  year      = {1985},
  pages     = {219-221},
  bibsource = {DBLP, http://dblp.uni-trier.de}
}


@article{AnEH00,
  author    = {Sergio Antoy and
               Rachid Echahed and
               Michael Hanus},
  title     = {A needed narrowing strategy},
  journal   = {J. ACM},
  volume    = {47},
  number    = {4},
  year      = {2000},
  pages     = {776-822},
  ee        = {http://doi.acm.org/10.1145/347476.347484},
  bibsource = {DBLP, http://dblp.uni-trier.de}
}

@inproceedings{Rounds73,
  author    = {William C. Rounds},
  title     = {Complexity of Recognition in Intermediate-Level Languages},
  booktitle = {FOCS},
  year      = {1973},
  pages     = {145-158},
  crossref  = {DBLP:conf/focs/FOCS14},
  bibsource = {DBLP, http://dblp.uni-trier.de}
}

@proceedings{DBLP:conf/focs/FOCS14,
  title     = {14th Annual Symposium on Foundations of Computer Science,
               15-17 October 1973, The University of Iowa, USA},
  booktitle = {14th Annual Symposium on Switching and Automata Theory},
  publisher = {IEEE},
  year      = {1973},
  bibsource = {DBLP, http://dblp.uni-trier.de}
}

@article{EnVo88,
  author    = {Joost Engelfriet and
               Heiko Vogler},
  title     = {High Level Tree Transducers and Iterated Pushdown Tree Transducers},
  journal   = {Acta Inf.},
  volume    = {26},
  number    = {1/2},
  year      = {1988},
  pages     = {131-192},
  ee        = {http://dx.doi.org/10.1007/BF02915449},
  bibsource = {DBLP, http://dblp.uni-trier.de}
}

@article{EnMa03-pebble,
  author    = {Joost Engelfriet and
               Sebastian Maneth},
  title     = {A comparison of pebble tree transducers with macro tree
               transducers},
  journal   = {Acta Inf.},
  volume    = {39},
  number    = {9},
  year      = {2003},
  pages     = {613-698},
  ee        = {http://dx.doi.org/10.1007/s00236-003-0120-0},
  bibsource = {DBLP, http://dblp.uni-trier.de}
}


@article{EnMa03,
  author    = {Joost Engelfriet and
               Sebastian Maneth},
  title     = {Macro Tree Translations of Linear Size Increase are {MSO}
               Definable},
  journal   = {SIAM J. Comput.},
  volume    = {32},
  number    = {4},
  year      = {2003},
  pages     = {950-1006},
  ee        = {http://epubs.siam.org/sam-bin/dbq/article/39451},
  bibsource = {DBLP, http://dblp.uni-trier.de}
}

@article{EnMa99,
  author    = {Joost Engelfriet and
               Sebastian Maneth},
  title     = {Macro Tree Transducers, Attribute Grammars, and {MSO} Definable
               Tree Translations},
  journal   = {Inf. Comput.},
  volume    = {154},
  number    = {1},
  year      = {1999},
  pages     = {34-91},
  bibsource = {DBLP, http://dblp.uni-trier.de}
}

@article{Engelfriet77,
  author    = {Joost Engelfriet},
  title     = {Top-down Tree Transducers with Regular Look-ahead},
  journal   = {Mathematical Systems Theory},
  volume    = {10},
  year      = {1977},
  pages     = {289-303},
  bibsource = {DBLP, http://dblp.uni-trier.de}
}

@book{SyntaxDirectedSemantics,
 author = {F\"ul\"op, Zolt\'an and Vogler, H.},
 title = {Syntax-Directed Semantics: Formal Models Based on Tree Transducers},
 year = {1998},
 isbn = {3540646078},
 edition = {1st},
 publisher = {Springer-Verlag New York, Inc.},
 address = {Secaucus, NJ, USA},
} 

@article{VoKu04,
  author    = {Janis Voigtl{\"a}nder and
               Armin K{\"u}hnemann},
  title     = {Composition of functions with accumulating parameters},
  journal   = {J. Funct. Program.},
  volume    = {14},
  number    = {3},
  year      = {2004},
  pages     = {317-363},
  ee        = {http://dx.doi.org/10.1017/S0956796803004933},
  bibsource = {DBLP, http://dblp.uni-trier.de}
}

@InProceedings{InMa09,
  author = 	 {Kazuhiro Inaba and Sebastian Maneth},
  title = 	 {The Complexity of Translation Membership for Macro Tree Transducers},
  booktitle = {{PLAN}-{X} 09},
  year = 	 2009}

@inproceedings{MaBPS05,
  author    = {Sebastian Maneth and
               Alexandru Berlea and
               Thomas Perst and
               Helmut Seidl},
  title     = {{XML} type checking with macro tree transducers},
  booktitle = {PODS},
  year      = {2005},
  pages     = {283-294},
  ee        = {http://doi.acm.org/10.1145/1065167.1065203},
  crossref  = {DBLP:conf/pods/2005},
  bibsource = {DBLP, http://dblp.uni-trier.de}
}

@proceedings{DBLP:conf/pods/2005,
  editor    = {Chen Li},
  title     = {Proceedings of the Twenty-fourth ACM SIGACT-SIGMOD-SIGART
               Symposium on Principles of Database Systems, June 13-15,
               2005, Baltimore, Maryland, USA},
  booktitle = {PODS},
  publisher = {ACM},
  year      = {2005},
  isbn      = {1-59593-062-0},
  bibsource = {DBLP, http://dblp.uni-trier.de}
}



@article{MiSV03,
  author    = {Tova Milo and
               Dan Suciu and
               Victor Vianu},
  title     = {Typechecking for {XML} transformers},
  journal   = {J. Comput. Syst. Sci.},
  volume    = {66},
  number    = {1},
  year      = {2003},
  pages     = {66-97},
  ee        = {http://dx.doi.org/10.1016/S0022-0000(02)00030-2},
  bibsource = {DBLP, http://dblp.uni-trier.de}
}

@inproceedings{MMHT10,
  author    = {Kazutaka Matsuda and
               Shin-Cheng Mu and
               Zhenjiang Hu and
               Masato Takeichi},
  title     = {A Grammar-Based Approach to Invertible Programs},
  booktitle = {ESOP},
  year      = {2010},
  pages     = {448-467},
  ee        = {http://dx.doi.org/10.1007/978-3-642-11957-6_24},
  crossref  = {DBLP:conf/esop/2010},
  bibsource = {DBLP, http://dblp.uni-trier.de}
}

@proceedings{DBLP:conf/esop/2010,
  editor    = {Andrew D. Gordon},
  title     = {Programming Languages and Systems, 19th European Symposium
               on Programming, ESOP 2010, Held as Part of the Joint European
               Conferences on Theory and Practice of Software, ETAPS 2010,
               Paphos, Cyprus, March 20-28, 2010. Proceedings},
  booktitle = {ESOP},
  publisher = {Springer},
  series    = {Lecture Notes in Computer Science},
  volume    = {6012},
  year      = {2010},
  isbn      = {978-3-642-11956-9},
  ee        = {http://dx.doi.org/10.1007/978-3-642-11957-6},
  bibsource = {DBLP, http://dblp.uni-trier.de}
}

@article{Wadler90,
  author    = {Philip Wadler},
  title     = {Deforestation: Transforming Programs to Eliminate Trees},
  journal   = {Theor. Comput. Sci.},
  volume    = {73},
  number    = {2},
  year      = {1990},
  pages     = {231-248},
  bibsource = {DBLP, http://dblp.uni-trier.de}
}

@InBook{Gries81,
  author = 	 {David Gries},
  title = 	 {The Science of Programming},
  chapter = 	 {21 Inverting Programs},
  publisher = 	 {Springer, Heidelberg},
  year = 	 1981}

@inproceedings{Dijkstra78,
  author    = {Edsger W. Dijkstra},
  title     = {Program Inversion},
  booktitle = {Program Construction},
  year      = {1978},
  pages     = {54-57},
  crossref  = {DBLP:conf/pc/1978},
  bibsource = {DBLP, http://dblp.uni-trier.de}
}

@proceedings{DBLP:conf/pc/1978,
  editor    = {Friedrich L. Bauer and
               Manfred Broy},
  title     = {Program Construction, International Summer School, July
               26 - August 6, 1978, Marktoberdorf, germany},
  booktitle = {Program Construction},
  publisher = {Springer},
  series    = {Lecture Notes in Computer Science},
  volume    = {69},
  year      = {1979},
  isbn      = {3-540-09251-X},
  bibsource = {DBLP, http://dblp.uni-trier.de}
}


@inproceedings{AbGl06,
  author    = {Sergei M. Abramov and
               Robert Gl{\"u}ck and
               Yuri A. Klimov},
  title     = {An Universal Resolving Algorithm for Inverse Computation
               of Lazy Languages},
  booktitle = {Ershov Memorial Conference},
  year      = {2006},
  pages     = {27-40},
  ee        = {http://dx.doi.org/10.1007/978-3-540-70881-0_6},
  crossref  = {DBLP:conf/ershov/2006},
  bibsource = {DBLP, http://dblp.uni-trier.de}
}

@proceedings{DBLP:conf/ershov/2006,
  editor    = {Irina Virbitskaite and
               Andrei Voronkov},
  title     = {Perspectives of Systems Informatics, 6th International Andrei
               Ershov Memorial Conference, PSI 2006, Novosibirsk, Russia,
               June 27-30, 2006. Revised Papers},
  booktitle = {Ershov Memorial Conference},
  publisher = {Springer},
  series    = {Lecture Notes in Computer Science},
  volume    = {4378},
  year      = {2007},
  isbn      = {978-3-540-70880-3},
  bibsource = {DBLP, http://dblp.uni-trier.de}
}


@inproceedings{AbGl02,
  author    = {Sergei M. Abramov and
               Robert Gl{\"u}ck},
  title     = {Principles of Inverse Computation and the Universal Resolving
               Algorithm},
  booktitle = {The Essence of Computation},
  year      = {2002},
  pages     = {269-295},
  ee        = {http://link.springer.de/link/service/series/0558/bibs/2566/25660269.htm},
  crossref  = {DBLP:conf/birthday/2002jones},
  bibsource = {DBLP, http://dblp.uni-trier.de}
}

@proceedings{DBLP:conf/birthday/2002jones,
  editor    = {Torben {\AE}. Mogensen and
               David A. Schmidt and
               Ivan Hal Sudborough},
  title     = {The Essence of Computation, Complexity, Analysis, Transformation.
               Essays Dedicated to Neil D. Jones [on occasion of his 60th
               birthday]},
  booktitle = {The Essence of Computation},
  publisher = {Springer},
  series    = {Lecture Notes in Computer Science},
  volume    = {2566},
  year      = {2002},
  isbn      = {3-540-00326-6},
  bibsource = {DBLP, http://dblp.uni-trier.de}
}

@Misc{tata2007,
  author = {H. Comon and M. Dauchet and R. Gilleron and  C. L\"oding
and F. Jacquemard
and D. Lugiez and S. Tison and M. Tommasi},
  title =	 {Tree Automata Techniques and Applications},
  howpublished = {Available on: \url{http://www.grappa.univ-lille3.fr/tata}},
  note = {},
  year =	 2007
}

@inproceedings{MaHT09,
  author    = {Kazutaka Matsuda and
               Zhenjiang Hu and
               Masato Takeichi},
  title     = {Type-based specialization of {XML} transformations},
  booktitle = {PEPM},
  year      = {2009},
  pages     = {61-72},
  ee        = {http://doi.acm.org/10.1145/1480945.1480955},
  crossref  = {DBLP:conf/pepm/2009},
  bibsource = {DBLP, http://dblp.uni-trier.de}
}

@proceedings{DBLP:conf/pepm/2009,
  editor    = {Germ{\'a}n Puebla and
               Germ{\'a}n Vidal},
  title     = {Proceedings of the 2009 ACM SIGPLAN Symposium on Partial
               Evaluation and Semantics-based Program Manipulation, PEPM
               2009, Savannah, GA, USA, January 19-20, 2009},
  booktitle = {PEPM},
  publisher = {ACM},
  year      = {2009},
  isbn      = {978-1-60558-327-3},
  bibsource = {DBLP, http://dblp.uni-trier.de}
}


@inproceedings{FrHo07,
  author    = {Alain Frisch and
               Haruo Hosoya},
  title     = {Towards Practical Typechecking for Macro Tree Transducers},
  booktitle = {DBPL},
  year      = {2007},
  pages     = {246-260},
  note      = {Full version is available as Research Report, RR-6107, INRIA, 2007},
  ee        = {http://dx.doi.org/10.1007/978-3-540-75987-4_17},
  crossref  = {DBLP:conf/dbpl/2007},
  bibsource = {DBLP, http://dblp.uni-trier.de}
}



@proceedings{DBLP:conf/dbpl/2007,
  editor    = {Marcelo Arenas and
               Michael I. Schwartzbach},
  title     = {Database Programming Languages, 11th International Symposium,
               DBPL 2007, Vienna, Austria, September 23-24, 2007, Revised
               Selected Papers},
  booktitle = {DBPL},
  publisher = {Springer},
  series    = {Lecture Notes in Computer Science},
  volume    = 4797,
  year      = 2007,
  isbn      = {978-3-540-75986-7},
  bibsource = {DBLP, http://dblp.uni-trier.de}
}



@InCollection{Boullier04,
  author = 	 {Pierre Boullier},
  title = 	 {Range Concatenation Grammars},
  booktitle = 	 {New Developments in Parsing Technology},
  publisher = {Kluwer Academic Publishers},
  year = 	 2004,
  editor = 	 {Harry Bunt and John Carroll and Giorgio Satta},
  number = 	 23,
  series = 	 {Text, Speech and Language Technology},
  chapter = 	 13}


@inproceedings{InMa08,
  author    = {Kazuhiro Inaba and
               Sebastian Maneth},
  title     = {The Complexity of Tree Transducer Output Languages},
  booktitle = {FSTTCS},
  year      = {2008},
  pages     = {244-255},
  ee        = {http://dx.doi.org/10.4230/LIPIcs.FSTTCS.2008.1757},
  crossref  = {DBLP:conf/fsttcs/2008},
  bibsource = {DBLP, http://dblp.uni-trier.de}
}

@proceedings{DBLP:conf/fsttcs/2008,
  editor    = {Ramesh Hariharan and
               Madhavan Mukund and
               V. Vinay},
  title     = {IARCS Annual Conference on Foundations of Software Technology
               and Theoretical Computer Science, FSTTCS 2008, December
               9-11, 2008, Bangalore, India},
  booktitle = {FSTTCS},
  publisher = {Schloss Dagstuhl - Leibniz-Zentrum fuer Informatik},
  series    = {LIPIcs},
  volume    = {2},
  year      = {2008},
  bibsource = {DBLP, http://dblp.uni-trier.de}
}


@inproceedings{MaPS07,
  author    = {Sebastian Maneth and
               Thomas Perst and
               Helmut Seidl},
  title     = {Exact {XML} Type Checking in Polynomial Time},
  booktitle = {ICDT},
  year      = {2007},
  pages     = {254-268},
  ee        = {http://dx.doi.org/10.1007/11965893_18},
  crossref  = {DBLP:conf/icdt/2007},
  bibsource = {DBLP, http://dblp.uni-trier.de}
}

@proceedings{DBLP:conf/icdt/2007,
  editor    = {Thomas Schwentick and
               Dan Suciu},
  title     = {Database Theory - ICDT 2007, 11th International Conference,
               Barcelona, Spain, January 10-12, 2007, Proceedings},
  booktitle = {ICDT},
  publisher = {Springer},
  series    = {Lecture Notes in Computer Science},
  volume    = {4353},
  year      = {2007},
  isbn      = {3-540-69269-X},
  bibsource = {DBLP, http://dblp.uni-trier.de}
}

@inproceedings{Maneth02,
  author    = {Sebastian Maneth},
  title     = {The Complexity of Compositions of Deterministic Tree Transducers},
  booktitle = {FSTTCS},
  year      = {2002},
  pages     = {265-276},
  ee        = {http://link.springer.de/link/service/series/0558/bibs/2556/25560265.htm},
  crossref  = {DBLP:conf/fsttcs/2002},
  bibsource = {DBLP, http://dblp.uni-trier.de}
}

@proceedings{DBLP:conf/fsttcs/2002,
  editor    = {Manindra Agrawal and
               Anil Seth},
  title     = {FST TCS 2002: Foundations of Software Technology and Theoretical
               Computer Science, 22nd Conference Kanpur, India, December
               12-14, 2002, Proceedings},
  booktitle = {FSTTCS},
  publisher = {Springer},
  series    = {Lecture Notes in Computer Science},
  volume    = {2556},
  year      = {2002},
  isbn      = {3-540-00225-1},
  bibsource = {DBLP, http://dblp.uni-trier.de}
}



@article{EnVo85,
  author    = {Joost Engelfriet and
               Heiko Vogler},
  title     = {Macro Tree Transducers},
  journal   = {J. Comput. Syst. Sci.},
  volume    = {31},
  number    = {1},
  year      = {1985},
  pages     = {71-146},
  bibsource = {DBLP, http://dblp.uni-trier.de}
}


